<record><leader>00000cas a2200000 a 4500</leader><controlfield tag="001">11176410</controlfield><controlfield tag="008">840920c19019999couwr ne      0   a0eng d</controlfield><datafield ind1=" " ind2=" " tag="010"><subfield code="a">sn 86002159 </subfield></datafield><datafield ind1=" " ind2=" " tag="040"><subfield code="a">COG</subfield><subfield code="b">eng</subfield><subfield code="c">COG</subfield><subfield code="d">NSD</subfield><subfield code="d">CNQ</subfield><subfield code="d">OCLCQ</subfield></datafield><datafield ind1=" " ind2=" " tag="012"><subfield code="l">1</subfield><subfield code="m">1</subfield></datafield><datafield ind1="1" ind2=" " tag="022"><subfield code="a">0889-5155</subfield><subfield code="l">0889-5155</subfield><subfield code="2">1</subfield></datafield><datafield ind1=" " ind2=" " tag="032"><subfield code="a">159560</subfield><subfield code="b">USPS</subfield></datafield><datafield ind1=" " ind2=" " tag="042"><subfield code="a">nsdp</subfield></datafield><datafield ind1=" " ind2="0" tag="222"><subfield code="a">Dolores star</subfield></datafield><datafield ind1="0" ind2="4" tag="245"><subfield code="a">The Dolores star.</subfield></datafield><datafield ind1="3" ind2="0" tag="246"><subfield code="a">Dolores star diamond jubilee</subfield></datafield><datafield ind1=" " ind2=" " tag="260"><subfield code="a">Dolores, Montezuma County, Colo. :</subfield><subfield code="b">Joe H. De Witt</subfield></datafield><datafield ind1=" " ind2=" " tag="300"><subfield code="a">v.</subfield></datafield><datafield ind1=" " ind2=" " tag="310"><subfield code="a">Weekly</subfield></datafield><datafield ind1="0" ind2=" " tag="362"><subfield code="a">Vol. 5, no. 1 (Apr. 5, 1901)-</subfield></datafield><datafield ind1=" " ind2=" " tag="500"><subfield code="a">Published as Dolores star diamond jubilee, Mar. 12, 1971-Mar. 10, 1972.</subfield></datafield><datafield ind1=" " ind2=" " tag="530"><subfield code="a">Available on microfilm from the Colorado Historical Society.</subfield></datafield><datafield ind1=" " ind2=" " tag="588"><subfield code="a">Latest issue consulted: Vol. 89, no. 14 (Thursday, June 5, 1986).</subfield></datafield><datafield ind1=" " ind2=" " tag="752"><subfield code="a">United States</subfield><subfield code="b">Colorado</subfield><subfield code="c">Montezuma</subfield><subfield code="d">Dolores.</subfield></datafield><datafield ind1="0" ind2="0" tag="780"><subfield code="t">Silver star</subfield><subfield code="w">(DLC)sn 90051344</subfield></datafield></record>